# Add paper referencees using bibtex format. This is a useful tool where
# you can insert the paper's DOI number and get the bibtex:
#
#	http://www.doi2bib.org/#/doi/10.1128/aem.01541-09
#

@article{Britton2014,
  doi = {10.1053/j.gastro.2014.01.059},
  url = {https://doi.org/10.1053/j.gastro.2014.01.059},
  year = {2014},
  month = may,
  publisher = {Elsevier {BV}},
  volume = {146},
  number = {6},
  pages = {1547--1553},
  author = {Robert A. Britton and Vincent B. Young},
  title = {Role of the Intestinal Microbiota in Resistance to Colonization by Clostridium difficile},
  journal = {Gastroenterology}
}

@article{Ferreyra2014,
  doi = {10.1016/j.chom.2014.11.003},
  url = {https://doi.org/10.1016/j.chom.2014.11.003},
  year = {2014},
  month = dec,
  publisher = {Elsevier {BV}},
  volume = {16},
  number = {6},
  pages = {770--777},
  author = {Jessica~A. Ferreyra and Katherine~J. Wu and Andrew~J. Hryckowian and Donna~M. Bouley and Bart~C. Weimer and Justin~L. Sonnenburg},
  title = {Gut Microbiota-Produced Succinate Promotes C.~difficile Infection after Antibiotic Treatment or Motility Disturbance},
  journal = {Cell Host {\&} Microbe}
}

@article{Jenior2018,
  doi = {10.1128/msphere.00261-18},
  url = {https://doi.org/10.1128/msphere.00261-18},
  year = {2018},
  month = jun,
  publisher = {American Society for Microbiology},
  volume = {3},
  number = {3},
  author = {Matthew L. Jenior and Jhansi L. Leslie and Vincent B. Young and Patrick D. Schloss},
  editor = {Susannah Green Tringe},
  title = {\textit{{C}lostridium difficile}
                        Alters the Structure and Metabolism of Distinct Cecal Microbiomes during Initial Infection To Promote Sustained Colonization},
  journal = {{mSphere}}
}

@article{Kampouri2021,
  doi = {10.3390/jcm10030389},
  url = {https://doi.org/10.3390/jcm10030389},
  year = {2021},
  month = jan,
  publisher = {{MDPI} {AG}},
  volume = {10},
  number = {3},
  pages = {389},
  author = {Eleftheria Kampouri and Antony Croxatto and Guy Prod'hom and Benoit Guery},
  title = {Clostridioides difficile Infection,  Still a Long Way to Go},
  journal = {Journal of Clinical Medicine}
}

@article{Kashyap2013,
  doi = {10.1053/j.gastro.2013.01.047},
  url = {https://doi.org/10.1053/j.gastro.2013.01.047},
  year = {2013},
  month = may,
  publisher = {Elsevier {BV}},
  volume = {144},
  number = {5},
  pages = {967--977},
  author = {Purna C. Kashyap and Angela Marcobal and Luke K. Ursell and Muriel Larauche and Henri Duboc and Kristen A. Earle and Erica D. Sonnenburg and Jessica A. Ferreyra and Steven K. Higginbottom and Mulugeta Million and Yvette Tache and Pankaj J. Pasricha and Rob Knight and Gianrico Farrugia and Justin L. Sonnenburg},
  title = {Complex Interactions Among Diet,  Gastrointestinal Transit,  and Gut Microbiota in Humanized Mice},
  journal = {Gastroenterology}
}

@article{Kozich2013,
  doi = {10.1128/aem.01043-13},
  url = {https://doi.org/10.1128/aem.01043-13},
  year = {2013},
  month = jun,
  publisher = {American Society for Microbiology},
  volume = {79},
  number = {17},
  pages = {5112--5120},
  author = {James J. Kozich and Sarah L. Westcott and Nielson T. Baxter and Sarah K. Highlander and Patrick D. Schloss},
  title = {Development of a Dual-Index Sequencing Strategy and Curation Pipeline for Analyzing Amplicon Sequence Data on the {MiSeq} Illumina Sequencing Platform},
  journal = {Applied and Environmental Microbiology}
}

@article{Kurtz2015,
  doi = {10.1371/journal.pcbi.1004226},
  url = {https://doi.org/10.1371/journal.pcbi.1004226},
  year = {2015},
  month = may,
  publisher = {Public Library of Science ({PLoS})},
  volume = {11},
  number = {5},
  pages = {e1004226},
  author = {Zachary D. Kurtz and Christian L. M\"{u}ller and Emily R. Miraldi and Dan R. Littman and Martin J. Blaser and Richard A. Bonneau},
  editor = {Christian von Mering},
  title = {Sparse and Compositionally Robust Inference of Microbial Ecological Networks},
  journal = {{PLOS} Computational Biology}
}

@article{Krishna2013,
  doi = {10.1111/tid.12112},
  url = {https://doi.org/10.1111/tid.12112},
  year = {2013},
  month = aug,
  publisher = {Wiley},
  pages = {n/a--n/a},
  author = {S.G. Krishna and W. Zhao and S.K. Apewokin and K. Krishna and P. Chepyala and E.J. Anaissie},
  title = {Risk factors,  preemptive therapy,  and antiperistaltic agents {forClostridium} difficileinfection in cancer patients},
  journal = {Transplant Infectious Disease}
}

@article{LeBastard2017,
  doi = {10.1111/apt.14451},
  url = {https://doi.org/10.1111/apt.14451},
  year = {2017},
  month = dec,
  publisher = {Wiley},
  volume = {47},
  number = {3},
  pages = {332--345},
  author = {Q. Le Bastard and G. A. Al-Ghalith and M. Gr{\'{e}}goire and G. Chapelet and F. Javaudin and E. Dailly and E. Batard and D. Knights and E. Montassier},
  title = {Systematic review: human gut dysbiosis induced by non-antibiotic prescription medications},
  journal = {Alimentary Pharmacology {\&} Therapeutics}
}

@article{Liacouras1996,
  doi = {10.1097/00004836-199604000-00007},
  url = {https://doi.org/10.1097/00004836-199604000-00007},
  year = {1996},
  month = apr,
  publisher = {Ovid Technologies (Wolters Kluwer Health)},
  volume = {22},
  number = {3},
  pages = {186--189},
  author = {Chris A. Liacouras and David A. Piccoli},
  title = {Whole-Bowel Irrigation As an Adjunct to the Treatment of Chronic,  Relapsing Clostridium Difficile Colitis},
  journal = {Journal of Clinical Gastroenterology}
}

@article{Maier2018,
  doi = {10.1038/nature25979},
  url = {https://doi.org/10.1038/nature25979},
  year = {2018},
  month = mar,
  publisher = {Springer Science and Business Media {LLC}},
  volume = {555},
  number = {7698},
  pages = {623--628},
  author = {Lisa Maier and Mihaela Pruteanu and Michael Kuhn and Georg Zeller and Anja Telzerow and Exene Erin Anderson and Ana Rita Brochado and Keith Conrad Fernandez and Hitomi Dose and Hirotada Mori and Kiran Raosaheb Patil and Peer Bork and Athanasios Typas},
  title = {Extensive impact of non-antibiotic drugs on human gut bacteria},
  journal = {Nature}
}

@article{Mora2012,
  doi = {10.1097/maj.0b013e31822f42eb},
  url = {https://doi.org/10.1097/maj.0b013e31822f42eb},
  year = {2012},
  month = apr,
  publisher = {Elsevier {BV}},
  volume = {343},
  number = {4},
  pages = {277--280},
  author = {Andrea L. Mora and Miguel Salazar and Juan Pablo-Caeiro and Craig P. Frost and Yashoo Yadav and Herbert L. DuPont and Kevin W. Garey},
  title = {Moderate to High Use of Opioid Analgesics Are Associated With an Increased Risk of Clostridium difficile Infection},
  journal = {The American Journal of the Medical Sciences}
}

@article{Nagata2019,
  doi = {10.1038/s41598-019-40182-9},
  url = {https://doi.org/10.1038/s41598-019-40182-9},
  year = {2019},
  month = mar,
  publisher = {Springer Science and Business Media {LLC}},
  volume = {9},
  number = {1},
  author = {Naoyoshi Nagata and Mari Tohya and Shinji Fukuda and Wataru Suda and Suguru Nishijima and Fumihiko Takeuchi and Mitsuru Ohsugi and Tetsuro Tsujimoto and Tomoka Nakamura and Akira Shimomura and Naohiro Yanagisawa and Yuya Hisada and Kazuhiro Watanabe and Koh Imbe and Junichi Akiyama and Masashi Mizokami and Tohru Miyoshi-Akiyama and Naomi Uemura and Masahira Hattori},
  title = {Effects of bowel preparation on the human gut microbiome and metabolome},
  journal = {Scientific Reports}
}

@article{Nehra2018,
  doi = {10.1016/j.mayocp.2017.10.022},
  url = {https://doi.org/10.1016/j.mayocp.2017.10.022},
  year = {2018},
  month = feb,
  publisher = {Elsevier {BV}},
  volume = {93},
  number = {2},
  pages = {240--246},
  author = {Avinash K. Nehra and Jeffrey A. Alexander and Conor G. Loftus and Vandana Nehra},
  title = {Proton Pump Inhibitors: Review of Emerging Concerns},
  journal = {Mayo Clinic Proceedings}
}

@article{Oh2018,
  doi = {10.1017/ice.2018.16},
  url = {https://doi.org/10.1017/ice.2018.16},
  year = {2018},
  month = mar,
  publisher = {Cambridge University Press ({CUP})},
  volume = {39},
  number = {4},
  pages = {425--433},
  author = {Jeeheh Oh and Maggie Makar and Christopher Fusco and Robert McCaffrey and Krishna Rao and Erin E. Ryan and Laraine Washer and Lauren R. West and Vincent B. Young and John Guttag and David C. Hooper and Erica S. Shenoy and Jenna Wiens},
  title = {A Generalizable,  Data-Driven Approach to Predict Daily Risk {ofClostridium} {difficileInfection} at Two Large Academic Health Centers},
  journal = {Infection Control {\&} Hospital Epidemiology}
}

@article{Reeves2011,
  doi = {10.4161/gmic.2.3.16333},
  url = {https://doi.org/10.4161/gmic.2.3.16333},
  year = {2011},
  month = may,
  publisher = {Informa {UK} Limited},
  volume = {2},
  number = {3},
  pages = {145--158},
  author = {Angela E. Reeves and Casey M. Theriot and Ingrid L. Bergin and Gary B. Huffnagle and Patrick D. Schloss and Vincent B. Young},
  title = {The interplay between microbiome dynamics and pathogen dynamics in a murine model of \textit{{C}lostridium difficile} infection}},
  journal = {Gut Microbes}
}

@article{Schloss2009,
  doi = {10.1128/aem.01541-09},
  url = {http://dx.doi.org/10.1128/AEM.01541-09},
  year  = {2009},
  month = {oct},
  publisher = {American Society for Microbiology},
  volume = {75},
  number = {23},
  pages = {7537--7541},
  author = {P. D. Schloss and S. L. Westcott and T. Ryabin and J. R. Hall and M. Hartmann and E. B. Hollister and R. A. Lesniewski and B. B. Oakley and D. H. Parks and C. J. Robinson and J. W. Sahl and B. Stres and G. G. Thallinger and D. J. Van Horn and C. F. Weber},
  title = {Introducing mothur: Open-Source,  Platform-Independent,  Community-Supported Software for Describing and Comparing Microbial Communities},
  journal = {Applied and Environmental Microbiology}
}

@article{Schubert2015,
  doi = {10.1128/mbio.00974-15},
  url = {https://doi.org/10.1128/mbio.00974-15},
  year = {2015},
  month = jul,
  publisher = {American Society for Microbiology},
  volume = {6},
  number = {4},
  author = {Alyxandria M. Schubert and Hamide Sinani and Patrick D. Schloss},
  editor = {Claire M. Fraser},
  title = {Antibiotic-Induced Alterations of the Murine Gut Microbiota and Subsequent Effects on Colonization Resistance against \textit{{C}lostridium difficile}},
  journal = {{mBio}}
}

@article{Tomkovich2019,
  doi = {10.1128/msphere.00693-19},
  url = {https://doi.org/10.1128/msphere.00693-19},
  year = {2019},
  month = nov,
  publisher = {American Society for Microbiology},
  volume = {4},
  number = {6},
  author = {Sarah Tomkovich and Nicholas A. Lesniak and Yuan Li and Lucas Bishop and Madison J. Fitzgerald and Patrick D. Schloss},
  editor = {Patricia A. Bradford},
  title = {The Proton Pump Inhibitor Omeprazole Does Not Promote \textit{{C}lostridioides difficile} Colonization in a Murine Model},
  journal = {{mSphere}}
}

@article{Tomkovich2020,
  doi = {10.1128/msphere.00869-20},
  url = {https://doi.org/10.1128/msphere.00869-20},
  year = {2020},
  month = oct,
  publisher = {American Society for Microbiology},
  volume = {5},
  number = {5},
  author = {Sarah Tomkovich and Joshua M. A. Stough and Lucas Bishop and Patrick D. Schloss},
  editor = {Robert A. Britton},
  title = {The Initial Gut Microbiota and Response to Antibiotic Perturbation Influence Clostridioides difficile Clearance in Mice},
  journal = {{mSphere}}
}

@article{Topuolu2020,
  doi = {10.1128/mbio.00434-20},
  url = {https://doi.org/10.1128/mbio.00434-20},
  year = {2020},
  month = jun,
  publisher = {American Society for Microbiology},
  volume = {11},
  number = {3},
  author = {Beg\"{u}m D. Top{\c{c}}uo{\u{g}}lu and Nicholas A. Lesniak and Mack T. Ruffin and Jenna Wiens and Patrick D. Schloss},
  editor = {Martin J. Blaser},
  title = {A Framework for Effective Application of Machine Learning to Microbiome-Based Classification Problems},
  journal = {{mBio}}
}

@article{Tropini2018,
  doi = {10.1016/j.cell.2018.05.008},
  url = {https://doi.org/10.1016/j.cell.2018.05.008},
  year = {2018},
  month = jun,
  publisher = {Elsevier {BV}},
  volume = {173},
  number = {7},
  pages = {1742--1754.e17},
  author = {Carolina Tropini and Eli Lin Moss and Bryan Douglas Merrill and Katharine Michelle Ng and Steven Kyle Higginbottom and Ellen Pun Casavant and Carlos Gutierrez Gonzalez and Brayon Fremin and Donna Michelle Bouley and Joshua Eric Elias and Ami Siddharth Bhatt and Kerwyn Casey Huang and Justin Laine Sonnenburg},
  title = {Transient Osmotic Perturbation Causes Long-Term Alteration to the Gut Microbiota},
  journal = {Cell}
}

@article{Vandeputte2015,
  doi = {10.1136/gutjnl-2015-309618},
  url = {https://doi.org/10.1136/gutjnl-2015-309618},
  year = {2015},
  month = jun,
  publisher = {{BMJ}},
  volume = {65},
  number = {1},
  pages = {57--62},
  author = {Doris Vandeputte and Gwen Falony and Sara Vieira-Silva and Raul Y Tito and Marie Joossens and Jeroen Raes},
  title = {Stool consistency is strongly associated with gut microbiota richness and composition,  enterotypes and bacterial growth rates},
  journal = {Gut}
}

@article{VanInsberghe2020,
  doi = {10.1038/s41564-020-0668-2},
  url = {https://doi.org/10.1038/s41564-020-0668-2},
  year = {2020},
  month = feb,
  publisher = {Springer Science and Business Media {LLC}},
  volume = {5},
  number = {4},
  pages = {642--650},
  author = {David VanInsberghe and Joseph A. Elsherbini and Bernard Varian and Theofilos Poutahidis and Susan Erdman and Martin F. Polz},
  title = {Diarrhoeal events can trigger long-term Clostridium difficile colonization with recurrent blooms},
  journal = {Nature Microbiology}
}

@article{VichVila2020,
  doi = {10.1038/s41467-019-14177-z},
  url = {https://doi.org/10.1038/s41467-019-14177-z},
  year = {2020},
  month = jan,
  publisher = {Springer Science and Business Media {LLC}},
  volume = {11},
  number = {1},
  author = {Arnau Vich Vila and Valerie Collij and Serena Sanna and Trishla Sinha and Floris Imhann and Arno R. Bourgonje and Zlatan Mujagic and Daisy M. A. E. Jonkers and Ad A. M. Masclee and Jingyuan Fu and Alexander Kurilshikov and Cisca Wijmenga and Alexandra Zhernakova and Rinse K. Weersma},
  title = {Impact of commonly used drugs on the composition and metabolic function of the gut microbiota},
  journal = {Nature Communications}
}

@article{VujkovicCvijin2020,
  doi = {10.1038/s41586-020-2881-9},
  url = {https://doi.org/10.1038/s41586-020-2881-9},
  year = {2020},
  month = nov,
  publisher = {Springer Science and Business Media {LLC}},
  volume = {587},
  number = {7834},
  pages = {448--454},
  author = {Ivan Vujkovic-Cvijin and Jack Sklar and Lingjing Jiang and Loki Natarajan and Rob Knight and Yasmine Belkaid},
  title = {Host variables confound gut microbiota studies of human disease},
  journal = {Nature}
}

@article{White2019,
  doi = {10.1093/cid/ciz978},
  url = {https://doi.org/10.1093/cid/ciz978},
  year = {2019},
  month = oct,
  publisher = {Oxford University Press ({OUP})},
  volume = {71},
  number = {6},
  pages = {1472--1478},
  author = {Nicole C White and Rafael Mendo-Lopez and Konstantinos Papamichael and Christine A Cuddemi and Caitlin Barrett and Kaitlyn Daugherty and Nira Pollock and Ciaran P Kelly and Carolyn D Alonso},
  title = {Laxative Use Does Not Preclude Diagnosis or Reduce Disease Severity in Clostridiodes difficile Infection},
  journal = {Clinical Infectious Diseases}
}
